@misc{VJgRTvR9gAkAHd6X,
  title = {Spirometrie: Polikliniky Medicon},
  publisher = {Meddikon Pronatal},
  address = {Praha},
  year = {2023},
  medium = {online},
  accessed = {2023-06-13},
  URL = {https://www.mediconas.cz/cs/spirometrie},
}


@misc{aaa,
  title = {nazevon},
  publisher = {sdf Pronatal},
  address = {Praha},
  year = {1990},
  medium = {nevim},
  accessed = {2023-06-13},
}
