@online{muni,
  title = {Funkce respiračního systému},
  address = {Masarykova univerzita},
  urldate = {2023-06-20},
  url = {https://www.med.muni.cz/patfyz/pdf/new/Dychaci_systemPP2005.pdf},
}

@online{lekfak,
  title = {Síť lékařských fakult ČR a SR.},
  subtitle = {Spirometrie, Plicní Objemy},
  urldate = {2023-06-20},
  url = {https://www.wikiskripta.eu/w/Spirometrie,_plicn\%C3\%AD_objemy},
}

@online{Oostveen,
  title = {Oostveen, E., MacLeod, D., Lorino, H., Farre, R., Hantos, Z., Desager, K., \& Marchal, F.},
  subtitle = {The forced oscillation technique in clinical practice: methodology, recommendations and future developments. In European Respiratory Journal (Roč. 22, Issue 6, s. 1026–1041). European Respiratory Society (ERS).},
  urldate = {2023-06-20},
  url = {https://pubmed.ncbi.nlm.nih.gov/14680096/},
}

@online{MEFANET,
  title = {MEFANET, síť lékařských fakult ČR a SR},
  subtitle = {Spirometrie},
  urldate = {2023-06-20},
  url = {https://www.wikiskripta.eu/w/Spirometrie},
}

@online{PulmoScan,
  title = {Simple effort-free lung function assessment. PulmoScan.},
  urldate = {2023-06-20},
  url = {https://pulmoscan.cognitalabs.com/},
}

@online{Nasinec,
  title = {Vit Nasinec, V.},
  subtitle = {Tremoflo C-100 , Oscilometrie (AOS). tremoFlo C-100, oscilometrie (AOS) / MR Diagnostic},
  urldate = {2023-06-20},
  url = {https://www.mr-diagnostic.cz/tremoflo},
}

@online{Medicon,
  title = {Spirometrie: Polikliniky Medicon},
  subtitle = {Spirometrie | Polikliniky MEDICON},
  urldate = {2023-06-20},
  url = {https://www.mediconas.cz/cs/spirometrie},
}

@thesis{Vlcek2018,
  author = {Tomáš Vlček},
  title = {Akustická oscilometrie},
  address = {Kladno},
  year = {2018},
  school = {České vysoké učení technické},
  type = {Bakalářská práce},
}
