@book{Krajca2011,
  author = {Vladimír Krajča and Jitka Mohylová},
  title = {Číslicové zpracování neurofyziologických signálů},
  publisher = {České vysoké učení technické v Praze},
  address = {Praha},
  year = {2011},
  edition = {1. vyd.},
  ISBN = {9788001047217},
}

@misc{MATLAB,
  year = {2010},
  author = {Michael Grant and Stephen Boyd},
  title = {MATLAB, version 7.10.0 (R2010a)},
  publisher = {The MathWorks Inc.},
  howpublished = {školní licence},
  address = {Natick, Massachusetts},
}

@article{eeglab,
  author = {Arnaud Delorme and Scott Makeig},
  journal = {Journal of Neuroscience Methods},
  title = {EEGLAB},
  subtitle = {an open source toolbox for analysis of single-trial EEG dynamics including independent component analysis},
  year = {2004},
  pages = {9-21},
  volume = {134},
  number = {1},
  ISSN = {01650270},
  DOI = {10.1016/j.jneumeth.2003.10.009},
}

@masterthesis{Vlcek2018,
  author = {Tomáš Vlček},
  title = {Akustická oscilometrie},
  address = {Kladno},
  year = {2018},
  school = {České vysoké učení technické},
  type = {Bakalářská práce},
}

@misc{muni,
  title = {Funkce respiračního systému},
  address = {Masarykova univerzita},
  medium = {online},
  accessed = {2023-06-20},
  URL = {https://www.med.muni.cz/patfyz/pdf/new/Dychaci_systemPP2005.pdf},
}

@misc{lekfak,
  title = {Síť lékařských fakult ČR a SR.},
  subtitle = {Spirometrie, Plicní Objemy},
  medium = {online},
  accessed = {2023-06-20},
  URL = {https://www.wikiskripta.eu/w/Spirometrie,_plicn\%C3\%AD_objemy},
}

@misc{Oostveen,
  title = {Oostveen, E., MacLeod, D., Lorino, H., Farre, R., Hantos, Z., Desager, K., \& Marchal, F.},
  subtitle = {The forced oscillation technique in clinical practice: methodology, recommendations and future developments. In European Respiratory Journal (Roč. 22, Issue 6, s. 1026–1041). European Respiratory Society (ERS).},
  medium = {online},
  accessed = {2023-06-20},
  URL = {https://pubmed.ncbi.nlm.nih.gov/14680096/},
}

@misc{MEFANET,
  title = {MEFANET, síť lékařských fakult ČR a SR},
  subtitle = {Spirometrie},
  medium = {online},
  accessed = {2023-06-20},
  URL = {https://www.wikiskripta.eu/w/Spirometrie},
}

@misc{PulmoScan,
  title = {Simple effort-free lung function assessment. PulmoScan.},
  medium = {online},
  accessed = {2023-06-20},
  URL = {https://pulmoscan.cognitalabs.com/},
}

@misc{Nasinec,
  title = {Vit Nasinec, V.},
  subtitle = {Tremoflo C-100 , Oscilometrie (AOS). tremoFlo C-100, oscilometrie (AOS) / MR Diagnostic},
  medium = {online},
  accessed = {2023-06-20},
  URL = {https://www.mr-diagnostic.cz/tremoflo},
}

@misc{Medicon,
  title = {Spirometrie: Polikliniky Medicon},
  subtitle = {Spirometrie | Polikliniky MEDICON},
  medium = {online},
  accessed = {2023-06-20},
  URL = {https://www.mediconas.cz/cs/spirometrie},
}
